@ONLINE{bioharness,
  author = {Zephyr Technology Corp.},
  title = {{BioHarness 3}},
  howpublished = "\url{http://www.zephyr-technology.com/products/bioharness-3/}",
  url = "http://www.zephyr-technology.com/products/bioharness-3/",
  year = {2013}, 
  note = "[Online; accessed 10-May-2013]"
}

@Book{datamining,
	author = "Ian H. Witten and Eibe Frank",
	title = "Data mining: Practical Machine Learning Tools and Techniques",
	publisher = "Diane Cerra or Morgan Kaufmann publishers or Elsevier",
	year = "2005",
	edition = "2nd",
	isbn = "0-12-088407-0"
}
